%YAML 1.1
%TAG !u! tag:unity3d.com,2011:
--- !u!29 &1
SceneSettings:
  m_ObjectHideFlags: 0
  m_PVSData: 
  m_PVSObjectsArray: []
  m_PVSPortalsArray: []
  m_OcclusionBakeSettings:
    smallestOccluder: 5
    smallestHole: .25
    backfaceThreshold: 100
--- !u!104 &2
RenderSettings:
  m_ObjectHideFlags: 0
  serializedVersion: 6
  m_Fog: 0
  m_FogColor: {r: .5, g: .5, b: .5, a: 1}
  m_FogMode: 3
  m_FogDensity: .00999999978
  m_LinearFogStart: 0
  m_LinearFogEnd: 300
  m_AmbientSkyColor: {r: .211999997, g: .226999998, b: .259000003, a: 1}
  m_AmbientEquatorColor: {r: .114, g: .125, b: .133000001, a: 1}
  m_AmbientGroundColor: {r: .0469999984, g: .0430000015, b: .0350000001, a: 1}
  m_AmbientIntensity: 1
  m_AmbientMode: 3
  m_SkyboxMaterial: {fileID: 0}
  m_HaloStrength: .5
  m_FlareStrength: 1
  m_FlareFadeSpeed: 3
  m_HaloTexture: {fileID: 0}
  m_SpotCookie: {fileID: 10001, guid: 0000000000000000e000000000000000, type: 0}
  m_DefaultReflectionMode: 0
  m_DefaultReflectionResolution: 128
  m_ReflectionBounces: 1
  m_ReflectionIntensity: 1
  m_CustomReflection: {fileID: 0}
  m_Sun: {fileID: 0}
--- !u!157 &4
LightmapSettings:
  m_ObjectHideFlags: 0
  serializedVersion: 5
  m_GIWorkflowMode: 1
  m_LightmapsMode: 1
  m_GISettings:
    serializedVersion: 2
    m_BounceScale: 1
    m_IndirectOutputScale: 1
    m_AlbedoBoost: 1
    m_TemporalCoherenceThreshold: 1
    m_EnvironmentLightingMode: 0
    m_EnableBakedLightmaps: 0
    m_EnableRealtimeLightmaps: 0
  m_LightmapEditorSettings:
    serializedVersion: 3
    m_Resolution: 2
    m_BakeResolution: 40
    m_TextureWidth: 1024
    m_TextureHeight: 1024
    m_AOMaxDistance: 1
    m_Padding: 2
    m_CompAOExponent: 0
    m_LightmapParameters: {fileID: 0}
    m_TextureCompression: 1
    m_FinalGather: 0
    m_FinalGatherRayCount: 1024
    m_ReflectionCompression: 2
  m_LightmapSnapshot: {fileID: 0}
  m_RuntimeCPUUsage: 25
--- !u!196 &5
NavMeshSettings:
  serializedVersion: 2
  m_ObjectHideFlags: 0
  m_BuildSettings:
    serializedVersion: 2
    agentRadius: .5
    agentHeight: 2
    agentSlope: 45
    agentClimb: .400000006
    ledgeDropHeight: 0
    maxJumpAcrossDistance: 0
    accuratePlacement: 0
    minRegionArea: 2
    cellSize: .166666672
    manualCellSize: 0
  m_NavMeshData: {fileID: 0}
--- !u!1 &9756141
GameObject:
  m_ObjectHideFlags: 0
  m_PrefabParentObject: {fileID: 0}
  m_PrefabInternal: {fileID: 0}
  serializedVersion: 4
  m_Component:
  - 4: {fileID: 9756143}
  - 114: {fileID: 9756142}
  m_Layer: 0
  m_Name: PlanetIDunno
  m_TagString: Untagged
  m_Icon: {fileID: 0}
  m_NavMeshLayer: 0
  m_StaticEditorFlags: 0
  m_IsActive: 1
--- !u!114 &9756142
MonoBehaviour:
  m_ObjectHideFlags: 0
  m_PrefabParentObject: {fileID: 0}
  m_PrefabInternal: {fileID: 0}
  m_GameObject: {fileID: 9756141}
  m_Enabled: 1
  m_EditorHideFlags: 0
  m_Script: {fileID: 11500000, guid: d442e1fa8f129a54cbc0ea3e9f95651a, type: 3}
  m_Name: 
  m_EditorClassIdentifier: 
  places:
  - name: Ship
    description: Your Space Ship
    exits:
    - direction: 4
      destination: Starbase 9
    - direction: 0
      destination: Ship
    - direction: 0
      destination: Ship
    - direction: 0
      destination: Ship
    monsterNames: []
    monsterChance: 0
    lootNames: []
    lootChance: 0
  - name: 
    description: PlanetIDunno
    exits:
    - direction: 0
      destination: Ship
    monsterNames: []
    monsterChance: 0
    lootNames: []
    lootChance: 0
  - name: 
    description: PlanetIDunno
    exits:
    - direction: 0
      destination: Ship
    monsterNames: []
    monsterChance: 0
    lootNames: []
    lootChance: 0
  - name: 
    description: PlanetIDunno
    exits:
    - direction: 0
      destination: Ship
    monsterNames: []
    monsterChance: 0
    lootNames: []
    lootChance: 0
  - name: 
    description: PlanetIDunno
    exits:
    - direction: 0
      destination: Ship
    monsterNames: []
    monsterChance: 0
    lootNames: []
    lootChance: 0
  monsterList: []
  lootTableList: []
--- !u!4 &9756143
Transform:
  m_ObjectHideFlags: 0
  m_PrefabParentObject: {fileID: 0}
  m_PrefabInternal: {fileID: 0}
  m_GameObject: {fileID: 9756141}
  m_LocalRotation: {x: 0, y: 0, z: 0, w: 1}
  m_LocalPosition: {x: 0, y: .259427428, z: 51.2999992}
  m_LocalScale: {x: 1, y: 1, z: 1}
  m_Children: []
  m_Father: {fileID: 0}
  m_RootOrder: 6
--- !u!1 &248441682
GameObject:
  m_ObjectHideFlags: 0
  m_PrefabParentObject: {fileID: 0}
  m_PrefabInternal: {fileID: 0}
  serializedVersion: 4
  m_Component:
  - 4: {fileID: 248441686}
  - 114: {fileID: 248441685}
  - 114: {fileID: 248441684}
  - 114: {fileID: 248441683}
  m_Layer: 0
  m_Name: EventSystem
  m_TagString: Untagged
  m_Icon: {fileID: 0}
  m_NavMeshLayer: 0
  m_StaticEditorFlags: 0
  m_IsActive: 1
--- !u!114 &248441683
MonoBehaviour:
  m_ObjectHideFlags: 0
  m_PrefabParentObject: {fileID: 0}
  m_PrefabInternal: {fileID: 0}
  m_GameObject: {fileID: 248441682}
  m_Enabled: 1
  m_EditorHideFlags: 0
  m_Script: {fileID: 1997211142, guid: f5f67c52d1564df4a8936ccd202a3bd8, type: 3}
  m_Name: 
  m_EditorClassIdentifier: 
  m_ForceModuleActive: 0
--- !u!114 &248441684
MonoBehaviour:
  m_ObjectHideFlags: 0
  m_PrefabParentObject: {fileID: 0}
  m_PrefabInternal: {fileID: 0}
  m_GameObject: {fileID: 248441682}
  m_Enabled: 1
  m_EditorHideFlags: 0
  m_Script: {fileID: 1077351063, guid: f5f67c52d1564df4a8936ccd202a3bd8, type: 3}
  m_Name: 
  m_EditorClassIdentifier: 
  m_HorizontalAxis: Horizontal
  m_VerticalAxis: Vertical
  m_SubmitButton: Submit
  m_CancelButton: Cancel
  m_InputActionsPerSecond: 10
  m_RepeatDelay: .5
  m_ForceModuleActive: 0
--- !u!114 &248441685
MonoBehaviour:
  m_ObjectHideFlags: 0
  m_PrefabParentObject: {fileID: 0}
  m_PrefabInternal: {fileID: 0}
  m_GameObject: {fileID: 248441682}
  m_Enabled: 1
  m_EditorHideFlags: 0
  m_Script: {fileID: -619905303, guid: f5f67c52d1564df4a8936ccd202a3bd8, type: 3}
  m_Name: 
  m_EditorClassIdentifier: 
  m_FirstSelected: {fileID: 0}
  m_sendNavigationEvents: 1
  m_DragThreshold: 5
--- !u!4 &248441686
Transform:
  m_ObjectHideFlags: 0
  m_PrefabParentObject: {fileID: 0}
  m_PrefabInternal: {fileID: 0}
  m_GameObject: {fileID: 248441682}
  m_LocalRotation: {x: 0, y: 0, z: 0, w: 1}
  m_LocalPosition: {x: 0, y: 0, z: 0}
  m_LocalScale: {x: 1, y: 1, z: 1}
  m_Children: []
  m_Father: {fileID: 0}
  m_RootOrder: 4
--- !u!1 &502096262
GameObject:
  m_ObjectHideFlags: 0
  m_PrefabParentObject: {fileID: 0}
  m_PrefabInternal: {fileID: 0}
  serializedVersion: 4
  m_Component:
  - 224: {fileID: 502096263}
  - 223: {fileID: 502096266}
  - 114: {fileID: 502096265}
  - 114: {fileID: 502096264}
  m_Layer: 5
  m_Name: Canvas
  m_TagString: Untagged
  m_Icon: {fileID: 0}
  m_NavMeshLayer: 0
  m_StaticEditorFlags: 0
  m_IsActive: 1
--- !u!224 &502096263
RectTransform:
  m_ObjectHideFlags: 0
  m_PrefabParentObject: {fileID: 0}
  m_PrefabInternal: {fileID: 0}
  m_GameObject: {fileID: 502096262}
  m_LocalRotation: {x: 0, y: 0, z: 0, w: 1}
  m_LocalPosition: {x: 0, y: 0, z: 51.2999992}
  m_LocalScale: {x: .0108094765, y: .0108094765, z: .0108094765}
  m_Children:
  - {fileID: 1302882938}
  m_Father: {fileID: 0}
  m_RootOrder: 3
  m_AnchorMin: {x: 0, y: 0}
  m_AnchorMax: {x: 0, y: 0}
  m_AnchoredPosition: {x: 0, y: 0}
  m_SizeDelta: {x: 2492, y: 1345}
  m_Pivot: {x: .5, y: .5}
--- !u!114 &502096264
MonoBehaviour:
  m_ObjectHideFlags: 0
  m_PrefabParentObject: {fileID: 0}
  m_PrefabInternal: {fileID: 0}
  m_GameObject: {fileID: 502096262}
  m_Enabled: 1
  m_EditorHideFlags: 0
  m_Script: {fileID: 1301386320, guid: f5f67c52d1564df4a8936ccd202a3bd8, type: 3}
  m_Name: 
  m_EditorClassIdentifier: 
  m_IgnoreReversedGraphics: 1
  m_BlockingObjects: 0
  m_BlockingMask:
    serializedVersion: 2
    m_Bits: 4294967295
--- !u!114 &502096265
MonoBehaviour:
  m_ObjectHideFlags: 0
  m_PrefabParentObject: {fileID: 0}
  m_PrefabInternal: {fileID: 0}
  m_GameObject: {fileID: 502096262}
  m_Enabled: 1
  m_EditorHideFlags: 0
  m_Script: {fileID: 1980459831, guid: f5f67c52d1564df4a8936ccd202a3bd8, type: 3}
  m_Name: 
  m_EditorClassIdentifier: 
  m_UiScaleMode: 0
  m_ReferencePixelsPerUnit: 100
  m_ScaleFactor: 1
  m_ReferenceResolution: {x: 800, y: 600}
  m_ScreenMatchMode: 0
  m_MatchWidthOrHeight: 0
  m_PhysicalUnit: 3
  m_FallbackScreenDPI: 96
  m_DefaultSpriteDPI: 96
  m_DynamicPixelsPerUnit: 1
--- !u!223 &502096266
Canvas:
  m_ObjectHideFlags: 0
  m_PrefabParentObject: {fileID: 0}
  m_PrefabInternal: {fileID: 0}
  m_GameObject: {fileID: 502096262}
  m_Enabled: 1
  serializedVersion: 2
  m_RenderMode: 2
  m_Camera: {fileID: 0}
  m_PlaneDistance: 100
  m_PixelPerfect: 0
  m_ReceivesEvents: 1
  m_OverrideSorting: 0
  m_OverridePixelPerfect: 0
  m_SortingLayerID: 0
  m_SortingOrder: 0
--- !u!1001 &905119883
Prefab:
  m_ObjectHideFlags: 0
  serializedVersion: 2
  m_Modification:
    m_TransformParent: {fileID: 0}
    m_Modifications:
    - target: {fileID: 11495942, guid: 537c8ac5dd95e4f999e88903932ea2d2, type: 2}
      propertyPath: monsterList.Array.size
      value: 2
      objectReference: {fileID: 0}
    - target: {fileID: 11495942, guid: 537c8ac5dd95e4f999e88903932ea2d2, type: 2}
      propertyPath: places.Array.data[0].monsterNames.Array.size
      value: 2
      objectReference: {fileID: 0}
    - target: {fileID: 421282, guid: 537c8ac5dd95e4f999e88903932ea2d2, type: 2}
      propertyPath: m_LocalPosition.x
      value: 0
      objectReference: {fileID: 0}
    - target: {fileID: 421282, guid: 537c8ac5dd95e4f999e88903932ea2d2, type: 2}
      propertyPath: m_LocalPosition.y
      value: .259427428
      objectReference: {fileID: 0}
    - target: {fileID: 421282, guid: 537c8ac5dd95e4f999e88903932ea2d2, type: 2}
      propertyPath: m_LocalPosition.z
      value: 51.2999992
      objectReference: {fileID: 0}
    - target: {fileID: 421282, guid: 537c8ac5dd95e4f999e88903932ea2d2, type: 2}
      propertyPath: m_LocalRotation.x
      value: 0
      objectReference: {fileID: 0}
    - target: {fileID: 421282, guid: 537c8ac5dd95e4f999e88903932ea2d2, type: 2}
      propertyPath: m_LocalRotation.y
      value: 0
      objectReference: {fileID: 0}
    - target: {fileID: 421282, guid: 537c8ac5dd95e4f999e88903932ea2d2, type: 2}
      propertyPath: m_LocalRotation.z
      value: 0
      objectReference: {fileID: 0}
    - target: {fileID: 421282, guid: 537c8ac5dd95e4f999e88903932ea2d2, type: 2}
      propertyPath: m_LocalRotation.w
      value: 1
      objectReference: {fileID: 0}
    - target: {fileID: 421282, guid: 537c8ac5dd95e4f999e88903932ea2d2, type: 2}
      propertyPath: m_RootOrder
      value: 7
      objectReference: {fileID: 0}
    - target: {fileID: 11495942, guid: 537c8ac5dd95e4f999e88903932ea2d2, type: 2}
      propertyPath: places.Array.data[0].description
      value: "You are on a planet that is mostly used as a junkyard for selling salvaged
        parts for spacecrafts, swarmed by derelict spaceships and military vessels.
        The planet\u2019s indigenous life-forms are mostly aquatic and deadly."
      objectReference: {fileID: 0}
    - target: {fileID: 11495942, guid: 537c8ac5dd95e4f999e88903932ea2d2, type: 2}
      propertyPath: places.Array.data[0].exits.Array.data[0].direction
      value: 4
      objectReference: {fileID: 0}
    m_RemovedComponents: []
  m_ParentPrefab: {fileID: 100100000, guid: 537c8ac5dd95e4f999e88903932ea2d2, type: 2}
  m_IsPrefabParent: 0
--- !u!1 &1302882935
GameObject:
  m_ObjectHideFlags: 0
  m_PrefabParentObject: {fileID: 0}
  m_PrefabInternal: {fileID: 0}
  serializedVersion: 4
  m_Component:
  - 224: {fileID: 1302882938}
  - 222: {fileID: 1302882937}
  - 114: {fileID: 1302882936}
  m_Layer: 5
  m_Name: ConsoleText
  m_TagString: Untagged
  m_Icon: {fileID: 0}
  m_NavMeshLayer: 0
  m_StaticEditorFlags: 0
  m_IsActive: 1
--- !u!114 &1302882936
MonoBehaviour:
  m_ObjectHideFlags: 0
  m_PrefabParentObject: {fileID: 0}
  m_PrefabInternal: {fileID: 0}
  m_GameObject: {fileID: 1302882935}
  m_Enabled: 1
  m_EditorHideFlags: 0
  m_Script: {fileID: 708705254, guid: f5f67c52d1564df4a8936ccd202a3bd8, type: 3}
  m_Name: 
  m_EditorClassIdentifier: 
  m_Material: {fileID: 0}
  m_Color: {r: 1, g: 1, b: 1, a: 1}
  m_RaycastTarget: 1
  m_OnCullStateChanged:
    m_PersistentCalls:
      m_Calls: []
    m_TypeName: UnityEngine.UI.MaskableGraphic+CullStateChangedEvent, UnityEngine.UI,
      Version=1.0.0.0, Culture=neutral, PublicKeyToken=null
  m_FontData:
    m_Font: {fileID: 10102, guid: 0000000000000000e000000000000000, type: 0}
    m_FontSize: 32
    m_FontStyle: 0
    m_BestFit: 0
    m_MinSize: 10
    m_MaxSize: 40
    m_Alignment: 0
    m_RichText: 1
    m_HorizontalOverflow: 0
    m_VerticalOverflow: 0
    m_LineSpacing: 1
  m_Text: 
--- !u!222 &1302882937
CanvasRenderer:
  m_ObjectHideFlags: 0
  m_PrefabParentObject: {fileID: 0}
  m_PrefabInternal: {fileID: 0}
  m_GameObject: {fileID: 1302882935}
--- !u!224 &1302882938
RectTransform:
  m_ObjectHideFlags: 0
  m_PrefabParentObject: {fileID: 0}
  m_PrefabInternal: {fileID: 0}
  m_GameObject: {fileID: 1302882935}
  m_LocalRotation: {x: 0, y: 0, z: 0, w: 1}
  m_LocalPosition: {x: 0, y: 0, z: 0}
  m_LocalScale: {x: 1, y: 1, z: 1}
  m_Children: []
  m_Father: {fileID: 502096263}
  m_RootOrder: 0
  m_AnchorMin: {x: .5, y: .5}
  m_AnchorMax: {x: .5, y: .5}
  m_AnchoredPosition: {x: 0, y: 18}
  m_SizeDelta: {x: 1453, y: 623}
  m_Pivot: {x: .5, y: .5}
--- !u!1 &1306321736
GameObject:
  m_ObjectHideFlags: 0
  m_PrefabParentObject: {fileID: 0}
  m_PrefabInternal: {fileID: 0}
  serializedVersion: 4
  m_Component:
  - 4: {fileID: 1306321738}
  - 114: {fileID: 1306321737}
  m_Layer: 0
  m_Name: TestRunner
  m_TagString: Untagged
  m_Icon: {fileID: 0}
  m_NavMeshLayer: 0
  m_StaticEditorFlags: 0
  m_IsActive: 1
--- !u!114 &1306321737
MonoBehaviour:
  m_ObjectHideFlags: 0
  m_PrefabParentObject: {fileID: 0}
  m_PrefabInternal: {fileID: 0}
  m_GameObject: {fileID: 1306321736}
  m_Enabled: 1
  m_EditorHideFlags: 0
  m_Script: {fileID: 11500000, guid: 5c3afc1c624179749bcdecf7b0224902, type: 3}
  m_Name: 
  m_EditorClassIdentifier: 
--- !u!4 &1306321738
Transform:
  m_ObjectHideFlags: 0
  m_PrefabParentObject: {fileID: 0}
  m_PrefabInternal: {fileID: 0}
  m_GameObject: {fileID: 1306321736}
  m_LocalRotation: {x: 0, y: 0, z: 0, w: 1}
  m_LocalPosition: {x: 0, y: 0, z: 0}
  m_LocalScale: {x: 1, y: 1, z: 1}
  m_Children: []
  m_Father: {fileID: 0}
  m_RootOrder: 5
--- !u!1 &1693500905
GameObject:
  m_ObjectHideFlags: 0
  m_PrefabParentObject: {fileID: 0}
  m_PrefabInternal: {fileID: 0}
  serializedVersion: 4
  m_Component:
  - 4: {fileID: 1693500907}
  - 114: {fileID: 1693500906}
  m_Layer: 0
  m_Name: Game Module Test Planet
  m_TagString: Untagged
  m_Icon: {fileID: 0}
  m_NavMeshLayer: 0
  m_StaticEditorFlags: 0
  m_IsActive: 1
--- !u!114 &1693500906
MonoBehaviour:
  m_ObjectHideFlags: 0
  m_PrefabParentObject: {fileID: 0}
  m_PrefabInternal: {fileID: 0}
  m_GameObject: {fileID: 1693500905}
  m_Enabled: 1
  m_EditorHideFlags: 0
  m_Script: {fileID: 11500000, guid: d442e1fa8f129a54cbc0ea3e9f95651a, type: 3}
  m_Name: 
  m_EditorClassIdentifier: 
  places:
  - name: Planet of the Apes
    description: 
    exits:
    - direction: 0
      destination: 
    monsterNames: []
    monsterChance: 0
    lootNames: []
    lootChance: 0
  - name: A Statue
    description: 
    exits: []
    monsterNames: []
    monsterChance: 0
    lootNames: []
    lootChance: 0
  monsterList:
  - name: 
    hitPoints: 0
    damage: 0
    lootDropChance: 0
    lootDropNames: []
    dead: 0
    xpGained: 0
  lootTableList: []
--- !u!4 &1693500907
Transform:
  m_ObjectHideFlags: 0
  m_PrefabParentObject: {fileID: 0}
  m_PrefabInternal: {fileID: 0}
  m_GameObject: {fileID: 1693500905}
  m_LocalRotation: {x: 0, y: 0, z: 0, w: 1}
  m_LocalPosition: {x: -97.634079, y: 5.16171551, z: 38.8316917}
  m_LocalScale: {x: 1, y: 1, z: 1}
  m_Children: []
  m_Father: {fileID: 0}
  m_RootOrder: 0
--- !u!1 &1904799107
GameObject:
  m_ObjectHideFlags: 0
  m_PrefabParentObject: {fileID: 0}
  m_PrefabInternal: {fileID: 0}
  serializedVersion: 4
  m_Component:
  - 4: {fileID: 1904799109}
  - 114: {fileID: 1904799108}
  m_Layer: 0
  m_Name: Game
  m_TagString: Untagged
  m_Icon: {fileID: 0}
  m_NavMeshLayer: 0
  m_StaticEditorFlags: 0
  m_IsActive: 1
--- !u!114 &1904799108
MonoBehaviour:
  m_ObjectHideFlags: 0
  m_PrefabParentObject: {fileID: 0}
  m_PrefabInternal: {fileID: 0}
  m_GameObject: {fileID: 1904799107}
  m_Enabled: 1
  m_EditorHideFlags: 0
  m_Script: {fileID: 11500000, guid: 6f6da1ae358ecc444980cf716304c59d, type: 3}
  m_Name: 
  m_EditorClassIdentifier: 
  consoleText: {fileID: 0}
  playerName: Sir Spamsalot
  experiencePoints: 0
  level: 1
  hitPoints: 100
  maxHitPoints: 100
  xpNeededToLevel: 100
  medPacks: 5
  dead: 0
  hpGainedPerLevel: 15
  medPackDropChance: 30
  energyCellDropChance: 30
  lootInventoryList: []
  currentWeaponLoot:
    name: 
    displayName: 
    ammoValue: 0
    healValue: 0
    damageValue: 0
    pointsValue: 0
    ammoLootRequired: 
  lootTableList:
  - name: Med Pack
    displayName: 
    ammoValue: 0
    healValue: 0
    damageValue: 0
    pointsValue: 0
    ammoLootRequired: 
  - name: Energy Cell
    displayName: 
    ammoValue: 0
    healValue: 0
    damageValue: 0
    pointsValue: 0
    ammoLootRequired: 
  - name: Yuletronium
    displayName: 
    ammoValue: 0
    healValue: 0
    damageValue: 0
    pointsValue: 5
    ammoLootRequired: 
  - name: Laser Pistol
    displayName: 
    ammoValue: 5
    healValue: 0
    damageValue: 80
    pointsValue: 0
    ammoLootRequired: Energy Cell
  - name: Laser Rifle
    displayName: 
    ammoValue: 10
    healValue: 0
    damageValue: 120
    pointsValue: 0
    ammoLootRequired: Energy Cell
  printDelayed: 1
  printDelayedBufferString: 
  maxLines: 15
  places:
  - name: Start
    description: To start the game, hit S key.
    exits:
    - direction: 1
      destination: Ship
    monsterNames: []
    monsterChance: 0
    lootNames: []
    lootChance: 0
  - name: Ship
    description: Your spaceship in which you are the captain of.
    exits:
    - direction: 4
      destination: Starbase 9
    - direction: 5
      destination: Planet
    - direction: 2
      destination: Test Planet
    monsterNames: []
    monsterChance: 0
    lootNames: []
    lootChance: 0
  - name: Starbase 9
    description: Starbase 9 is a busy port.
    exits:
    - direction: 6
      destination: Ship
    monsterNames: []
    monsterChance: 0
    lootNames: []
    lootChance: 0
  - name: Planet
    description: You are on Planet Yulenia.
    exits:
    - direction: 4
      destination: Ship
    - direction: 5
      destination: Mineshaft
    monsterNames: []
    monsterChance: 0
    lootNames: []
    lootChance: 0
  - name: Mineshaft
    description: You are in a dark, dangerous mineshaft surrounded by scary crawly
      aliens.
    exits:
    - direction: 4
      destination: Planet
    monsterNames:
    - Fizzmonster
    monsterChance: 50
    lootNames:
    - Energy Cell
    lootChance: 0
  currentPlaceName: Start
  currentPlace:
    name: Test Planet
    description: Test planet, please ignore. To the south is the south pole. To the
      north is the north pole. To the east leads back to here. To the west leads back
      to here.
    exits: []
    monsterNames: []
    monsterChance: 50
    lootNames: []
    lootChance: 50
  currentMonster:
    name: 4368657374687567676572
    hitPoints: 200
    damage: 80
    lootDropChance: 30
    lootDropNames: []
    dead: 0
    xpGained: 75
  monsterList:
  - name: Fizzmonster
    hitPoints: 11
    damage: 44
    lootDropChance: 10
    lootDropNames:
    - Med Pack
    dead: 0
    xpGained: 10
  - name: Buzzmonster
    hitPoints: 22
    damage: 88
    lootDropChance: 80
    lootDropNames:
    - Laser Rifle
    - Energy Cell
    dead: 0
    xpGained: 100
  - name: Lootmonster
    hitPoints: 100
    damage: 20
    lootDropChance: 100
    lootDropNames:
    - Yuletronium
    dead: 0
    xpGained: 100
  points: 0
  fighting: 0
--- !u!4 &1904799109
Transform:
  m_ObjectHideFlags: 0
  m_PrefabParentObject: {fileID: 0}
  m_PrefabInternal: {fileID: 0}
  m_GameObject: {fileID: 1904799107}
  m_LocalRotation: {x: 0, y: 0, z: 0, w: 1}
  m_LocalPosition: {x: 0, y: 0, z: 0}
  m_LocalScale: {x: 1, y: 1, z: 1}
  m_Children: []
  m_Father: {fileID: 0}
  m_RootOrder: 2
--- !u!1 &2002886570
GameObject:
  m_ObjectHideFlags: 0
  m_PrefabParentObject: {fileID: 0}
  m_PrefabInternal: {fileID: 0}
  serializedVersion: 4
  m_Component:
  - 4: {fileID: 2002886575}
  - 20: {fileID: 2002886574}
  - 92: {fileID: 2002886573}
  - 124: {fileID: 2002886572}
  - 81: {fileID: 2002886571}
  m_Layer: 0
  m_Name: Main Camera
  m_TagString: MainCamera
  m_Icon: {fileID: 0}
  m_NavMeshLayer: 0
  m_StaticEditorFlags: 0
  m_IsActive: 1
--- !u!81 &2002886571
AudioListener:
  m_ObjectHideFlags: 0
  m_PrefabParentObject: {fileID: 0}
  m_PrefabInternal: {fileID: 0}
  m_GameObject: {fileID: 2002886570}
  m_Enabled: 1
--- !u!124 &2002886572
Behaviour:
  m_ObjectHideFlags: 0
  m_PrefabParentObject: {fileID: 0}
  m_PrefabInternal: {fileID: 0}
  m_GameObject: {fileID: 2002886570}
  m_Enabled: 1
--- !u!92 &2002886573
Behaviour:
  m_ObjectHideFlags: 0
  m_PrefabParentObject: {fileID: 0}
  m_PrefabInternal: {fileID: 0}
  m_GameObject: {fileID: 2002886570}
  m_Enabled: 1
--- !u!20 &2002886574
Camera:
  m_ObjectHideFlags: 0
  m_PrefabParentObject: {fileID: 0}
  m_PrefabInternal: {fileID: 0}
  m_GameObject: {fileID: 2002886570}
  m_Enabled: 1
  serializedVersion: 2
  m_ClearFlags: 1
  m_BackGroundColor: {r: 0, g: 0, b: 0, a: .0196078438}
  m_NormalizedViewPortRect:
    serializedVersion: 2
    x: 0
    y: 0
    width: 1
    height: 1
  near clip plane: .300000012
  far clip plane: 1000
  field of view: 60
  orthographic: 1
  orthographic size: 4.99887276
  m_Depth: -1
  m_CullingMask:
    serializedVersion: 2
    m_Bits: 4294967295
  m_RenderingPath: -1
  m_TargetTexture: {fileID: 0}
  m_TargetDisplay: 0
  m_TargetEye: 3
  m_HDR: 0
  m_OcclusionCulling: 1
  m_StereoConvergence: 10
  m_StereoSeparation: .0219999999
  m_StereoMirrorMode: 0
--- !u!4 &2002886575
Transform:
  m_ObjectHideFlags: 0
  m_PrefabParentObject: {fileID: 0}
  m_PrefabInternal: {fileID: 0}
  m_GameObject: {fileID: 2002886570}
  m_LocalRotation: {x: 0, y: 0, z: 0, w: 1}
  m_LocalPosition: {x: 0, y: 0, z: -10}
  m_LocalScale: {x: 1, y: 1, z: 1}
  m_Children: []
  m_Father: {fileID: 0}
  m_RootOrder: 1
